<record><leader>00000cas a22000007a 4500</leader><controlfield tag="001">19731299</controlfield><controlfield tag="008">890518d18991899nduwr ne      0    0eng d</controlfield><datafield ind1=" " ind2=" " tag="010"><subfield code="a">sn 89074119 </subfield></datafield><datafield ind1=" " ind2=" " tag="040"><subfield code="a">NOP</subfield><subfield code="b">eng</subfield><subfield code="c">NOP</subfield><subfield code="d">OCLCQ</subfield></datafield><datafield ind1=" " ind2=" " tag="042"><subfield code="a">msc</subfield></datafield><datafield ind1="0" ind2="0" tag="245"><subfield code="a">Emmons County Republican and the Winona times.</subfield></datafield><datafield ind1=" " ind2=" " tag="260"><subfield code="a">Linton, Emmons County, N.D. :</subfield><subfield code="b">C.A. Petterson</subfield></datafield><datafield ind1=" " ind2=" " tag="300"><subfield code="a">v. :</subfield><subfield code="b">ill.</subfield></datafield><datafield ind1=" " ind2=" " tag="310"><subfield code="a">Weekly</subfield></datafield><datafield ind1="0" ind2=" " tag="362"><subfield code="a">New. ser., vol. 1, no. 1 (Jan. 5, 1899)- = Old. ser., vol. 14, no. 45-</subfield></datafield><datafield ind1="1" ind2=" " tag="362"><subfield code="a">Ceased Apr. 20, 1899.</subfield></datafield><datafield ind1=" " ind2=" " tag="500"><subfield code="a">Official paper of Emmons County.</subfield></datafield><datafield ind1=" " ind2=" " tag="530"><subfield code="a">Available on microfilm from the State Historical Society of North Dakota.</subfield></datafield><datafield ind1=" " ind2=" " tag="752"><subfield code="a">United States</subfield><subfield code="b">North Dakota</subfield><subfield code="c">Emmons</subfield><subfield code="d">Linton.</subfield></datafield><datafield ind1="0" ind2="0" tag="780"><subfield code="t">Winona times (Winona, N.D.)</subfield><subfield code="w">(DLC)sn 89074118</subfield></datafield><datafield ind1="0" ind2="0" tag="785"><subfield code="t">Emmons County Republican</subfield><subfield code="w">(DLC)sn 89074120</subfield></datafield></record>